<?xml version="1.0" encoding="UTF-8"?><collection xmlns="http://www.loc.gov/MARC21/slim"><record><leader>00401nam--2200133-i-4500</leader><controlfield tag="001">000019977</controlfield><controlfield tag="002">20161230</controlfield><controlfield tag="005">20161230201033</controlfield><controlfield tag="008">060222s1000------------r-----000-0-eng-d</controlfield><datafield ind1=" " ind2=" " tag="080"><subfield code="a">55(44)(043)</subfield></datafield><datafield ind1=" " ind2=" " tag="100"><subfield code="a">Fabre, Jean</subfield></datafield><datafield ind1=" " ind2=" " tag="245"><subfield code="a">Contribution a l`etude de la zone houillere en maurienne et en tarentaise(alpes de savoie). these</subfield></datafield><datafield ind1=" " ind2=" " tag="260"><subfield code="a">Paris, L`Universite, 1958.   315 P. + 7 Fig</subfield></datafield><datafield ind1=" " ind2=" " tag="852"><subfield code="a">47556</subfield></datafield></record></collection>